@misc{hoge,
  author = {総務省},
  title  = {平成25年通信利用動向調査の結果},
  note   = {\url{http://www.soumu.go.jp/menu_news/s-news/01tsushin02_02000072.html}},
  year   = {2014}
}
